% Encoding: UTF8

@article{Latu_2017,
	author = {Latu, Guillaume and Mehrenberger, Michel and G{\"u}{\c c}l{\"u}, Yaman and Ottaviani, Maurizio and Sonnendr{\"u}cker, Eric},
	date = {2018/03/01},
	date-added = {2022-07-20 10:02:49 +0200},
	date-modified = {2022-07-20 10:02:49 +0200},
	doi = {10.1007/s10915-017-0509-5},
	id = {Latu2018},
	isbn = {1573-7691},
	journal = {Journal of Scientific Computing},
	number = {3},
	pages = {1601--1650},
	title = {{Field-Aligned Interpolation for Semi-Lagrangian Gyrokinetic Simulations}},
	url = {https://doi.org/10.1007/s10915-017-0509-5},
	volume = {74},
	year = {2018},
	bdsk-url-1 = {https://doi.org/10.1007/s10915-017-0509-5}
}

@article{crouseilles2018exponential,
  title={An exponential integrator for the drift-kinetic model},
  author={Crouseilles, Nicolas and Einkemmer, Lukas and Prugger, Martina},
  journal={Computer Physics Communications},
  volume={224},
  pages={144--153},
 year={2018},
  publisher={Elsevier}
}

@article{Bottino_Sonnendrucker_2015,
title={{Monte Carlo particle-in-cell methods for the simulation of the Vlasov–Maxwell gyrokinetic equations}},
	volume={81},
	DOI={10.1017/S0022377815000574},
	number={5},
	journal={Journal of Plasma Physics},
	publisher={Cambridge University Press},
	author={Bottino, A. and Sonnendrücker, E.},
	year={2015},
	pages={435810501}
}

@article{Arakawa_1966,
title = {{Computational Design for Long-Term Numerical Integration of the Equations of Fluid Motion: Two-Dimensional Incompressible Flow. Part I}},
journal = {Journal of Computational Physics},
volume = {1},
number = {1},
pages = {119-143},
year = {1966},
issn = {0021-9991},
doi = {https://doi.org/10.1016/0021-9991(66)90015-5},
url = {https://www.sciencedirect.com/science/article/pii/0021999166900155},
author = {Akio Arakawa},
abstract = {The integral constraints on quadratic quantities of physical importance, such as conservation of mean kinetic energy and mean square vorticity, will not be maintained in finite difference analogues of the equation of motion for two-dimensional incompressible flow, unless the finite difference Jacobian expression for the advection term is restricted to a form which properly represents the interaction between grid points, as derived in this paper. It is shown that the derived form of the finite difference Jacobian prevents nonlinear computational instability and thereby permits long-term numerical integrations.}
}	


@article{idomura2008conservative,
 title={Conservative global gyrokinetic toroidal full-f five-dimensional Vlasov simulation},
 author={Idomura, Yasuhiro and Ida, Masato and Kano, Takuma and Aiba, Nobuyuki and Tokuda, Shinji},
 journal={Computer Physics Communications},
 volume={179},
 number={6},
 pages={391--403},
 year={2008},
 publisher={Elsevier}
}

@phdthesis{campospinto,
 TITLE = {{Analysis and design of numerical methods for problems arising in plasma physics}},
 AUTHOR = {Campos Pinto, Martin},
 URL = {https://tel.archives-ouvertes.fr/tel-01485632},
 NOTE = {Rapporteurs: Annalisa Buffa (EPFL, Lausanne)Patrick Ciarlet (POEMS, ENSTA ParisTech)Ralf Hiptmair %(ETH Z{\"u}rich)},
 SCHOOL = {{Universit{\'e} Pierre et Marie Curie (UPMC Paris 6)}},
 YEAR = {2017},
 MONTH = Mar,
 KEYWORDS = {Transport equations ;  Vlasov equation ;  Vlasov-Poisson system ;  Maxwell equations ;  Maxwell-Vlasov system ;  Particle methods ;  Semi-Lagrangian methods ;  Remapped particle methods ;  Adaptive mesh prediction ;  Particle in Cell (PIC) method ;  FDTD schemes ;  Edge elements ;  Discontinuous Galerkin schemes ;  Nonconforming approximation ;  Structure-preserving methods ;  Compatible approximations ;  Helmholtz decompositions ;  Stability analysis ;  A priori error estimates ;  Discontinuous elements ;  Plasma sheath ;  Bohm criterion ;  Discrete continuity equation ;  Discrete Gauss laws ;  Conservation of charge ;  Singular Maxwell equations ;  Magnetized plasmas ;  Resonant heating ; Conga scheme ; Sch{\'e}ma Conga ;  Equations de transport ;  Equation de Vlasov ;  Syst{\`e}me de Vlasov-Poisson ;  Equations de Maxwell ;  Syst{\`e}me de Maxwell-Vlasov ;  M{\'e}thodes particulaires ;  M{\'e}thodes semi-Lagrangiennes ;  M{\'e}thodes particulaires avec reprojections ;  Pr{\'e}diction de maillages adaptatifs ;  M{\'e}thode Particle in Cell (PIC) ;  Sch{\'e}mas FDTD ;  El{\'e}ments d'ar{\^e}tes ;  Sch{\'e}mas Galerkin discontinus ;  Approximations nonconformes ;  M{\'e}thodes pr{\'e}servant la structure ;  Approximations compatibles ;  D{\'e}compositions de Helmholtz ;  Analyse de stabilit{\'e} ;  Estimations d'erreur a priori ;  El{\'e}ments discontinus ;  Gaines de plasma ;  Crit{\`e}re de Bohm ;  Equation de continuit{\'e} discr{\`e}te ;  Lois de Gauss discr{\`e}tes ;  Conservation de la charge ;  Equations de Maxwell singuli{\`e}res ;  Plasmas magnetis{\'e}s ;  Chauffage r{\'e}sonant},
  TYPE = {Habilitation {\`a} diriger des recherches},
  PDF = {https://tel.archives-ouvertes.fr/tel-01485632/file/hdr-martin-en-6mars.pdf},
  HAL_ID = {tel-01485632},
  HAL_VERSION = {v1},
}
  booktitle = {ESAIM:ProcS}
}

@misc{pygyro_code,
TITLE = {Python library for parallel gyro-kinetic simulations, https://github.com/pyccel/pygyro},
AUTHOR = {Bourne, Emily},
URL = {https://github.com/pyccel/pygyro}
}

@phdthesis{emily,
 TITLE = {Parallel gyrokinetic simulations with
Python},
 AUTHOR = {Bourne, Emily},
 SCHOOL = {Technische Universität München, , Zentrum Mathematik, Garching, Germany},
 YEAR = {2018},
 MONTH = {September},
  TYPE = {Master thesis},
}
}
